@inproceedings{cordonnier2016large,
  title={Large scale terrain generation from tectonic uplift and fluvial erosion},
  author={Cordonnier, Guillaume and Braun, Jean and Cani, Marie-Paule and Benes, Bedrich and Galin, Eric and Peytavie, Adrien and Gu{\'e}rin, {\'E}ric},
  booktitle={Computer Graphics Forum},
  volume={35},
  number={2},
  pages={165--175},
  year={2016},
  organization={Wiley Online Library}
}
@inproceedings{galin2019review,
  title={A review of digital terrain modeling},
  author={Galin, Eric and Gu{\'e}rin, Eric and Peytavie, Adrien and Cordonnier, Guillaume and Cani, Marie-Paule and Benes, Bedrich and Gain, James},
  booktitle={Computer Graphics Forum},
  volume={38},
  number={2},
  pages={553--577},
  year={2019},
  organization={Wiley Online Library}
}